<?xml version="1.0" encoding="UTF-8"?><collection xmlns="http://www.loc.gov/MARC21/slim"><record><leader>00399nam--2200145-i-4500</leader><controlfield tag="001">000047414</controlfield><controlfield tag="002">20161230</controlfield><controlfield tag="005">20170128140319</controlfield><controlfield tag="008">060222s1000------------r-----000-0-eng-d</controlfield><datafield ind1=" " ind2=" " tag="100"><subfield code="a">Westphal, Wilhelm H</subfield></datafield><datafield ind1=" " ind2=" " tag="245"><subfield code="a">Physikalisches praktikum. Eine sammlung..</subfield></datafield><datafield ind1=" " ind2=" " tag="260"><subfield code="a">Braunschweig</subfield><subfield code="b">Fried. Vieweg &amp; Sohn</subfield><subfield code="c">1938</subfield></datafield><datafield ind1=" " ind2=" " tag="300"><subfield code="a">VIII + 335 p. , 101 Fig</subfield></datafield><datafield ind1=" " ind2=" " tag="852"><subfield code="a">3524</subfield></datafield><datafield ind1=" " ind2=" " tag="CAT"><subfield code="a">SYS</subfield><subfield code="c">20170128</subfield><subfield code="h">140319</subfield></datafield></record></collection>